@article{Thissen,
        author = "Thissen Dirk",
        title = "How to Write a Seminar Paper",
        year = "2007",
        journal = "Rheinisch-Westf√§lische Technische Hochschule Aachen "
	howpublished = "\url{http://www.nets.rwth-aachen.de/content/teaching/seminars/sub/seminar_hints/}"
}
@article{Gledec,
        author = "Gordan Gledec",
        title = "Pravopisni savjeti za izradu studentskih radova",
        journal = "FER",
        year = "2008",	
}
